<?xml version="1.0" encoding="UTF-8"?><collection xmlns="http://www.loc.gov/MARC21/slim"><record><leader>00406nam--2200133-i-4500</leader><controlfield tag="001">000015930</controlfield><controlfield tag="002">20161230</controlfield><controlfield tag="005">20161230201031</controlfield><controlfield tag="008">060222s1000------------r-----000-0-eng-d</controlfield><datafield ind1=" " ind2=" " tag="245"><subfield code="a">Radionuclide distribution and transport in terrestrial and aquatic ecosystems a critical review of data</subfield></datafield><datafield ind1=" " ind2=" " tag="260"><subfield code="a">Rotterdam, A.A.Balkema Publ., 1983</subfield></datafield><datafield ind1=" " ind2=" " tag="490"><subfield code="a">X+565p</subfield></datafield><datafield ind1=" " ind2=" " tag="700"><subfield code="a">Coughtrey, P.J./S.A</subfield></datafield><datafield ind1=" " ind2=" " tag="852"><subfield code="a">631.41:546</subfield></datafield></record></collection>